<record><leader>00000cas a22000007a 4500</leader><controlfield tag="001">11967775</controlfield><controlfield tag="008">850426d18981932pauwr ne      0    0eng d</controlfield><datafield ind1=" " ind2=" " tag="010"><subfield code="a">sn 85054920 </subfield></datafield><datafield ind1=" " ind2=" " tag="040"><subfield code="a">NPH</subfield><subfield code="b">eng</subfield><subfield code="c">NPH</subfield><subfield code="d">OCLCQ</subfield></datafield><datafield ind1=" " ind2=" " tag="042"><subfield code="a">msc</subfield></datafield><datafield ind1="0" ind2=" " tag="130"><subfield code="a">Times (State College, Pa.)</subfield></datafield><datafield ind1="1" ind2="4" tag="245"><subfield code="a">The times.</subfield></datafield><datafield ind1="1" ind2="3" tag="246"><subfield code="a">State College times</subfield></datafield><datafield ind1=" " ind2=" " tag="260"><subfield code="a">State College, Pa. :</subfield><subfield code="b">Burns and Bowman,</subfield><subfield code="c">1898-1932.</subfield></datafield><datafield ind1=" " ind2=" " tag="300"><subfield code="a">34 v.</subfield></datafield><datafield ind1=" " ind2=" " tag="310"><subfield code="a">Weekly</subfield></datafield><datafield ind1="0" ind2=" " tag="362"><subfield code="a">Vol. 1, no. 1 (May 12, 1898)-v. 35, no. 7 (July 8, 1932).</subfield></datafield><datafield ind1=" " ind2=" " tag="500"><subfield code="a">Published every Thursday morning.</subfield></datafield><datafield ind1=" " ind2=" " tag="752"><subfield code="a">United States</subfield><subfield code="b">Pennsylvania</subfield><subfield code="c">Centre</subfield><subfield code="d">State College.</subfield></datafield><datafield ind1="0" ind2="0" tag="785"><subfield code="t">State College times</subfield><subfield code="w">(DLC)sn 85054921</subfield></datafield></record>